@article{pustina2023univeral,
    author = {Pustina, Pietro and Della Santina, Cosimo and De Luca, Alessandro},
    title = {Unified Inverse Dynamics of Modular Serial Mechanical Systems with Application to Soft Robotics},
    journal = {IEEE Trans. on Robotics},
    year = {under review}
}

@article{boyer2020dynamics,
  title={Dynamics of continuum and soft robots: {A} strain parameterization based approach},
  author={Boyer, Fr{\'e}d{\'e}ric and Lebastard, Vincent and Candelier, Fabien and Renda, Federico},
  journal={IEEE Trans. on Robotics},
  volume={37},
  number={3},
  pages={847--863},
  year={2020},
  publisher={IEEE}
}